<record><leader>00000cas a2200000 a 4500</leader><controlfield tag="001">1554488</controlfield><controlfield tag="008">750817d19251960maudn ne      0   a0eng c</controlfield><datafield ind1=" " ind2=" " tag="010"><subfield code="a">sn 83045138 </subfield></datafield><datafield ind1=" " ind2=" " tag="040"><subfield code="a">MUL</subfield><subfield code="b">eng</subfield><subfield code="c">MUL</subfield><subfield code="d">NPW</subfield><subfield code="d">NPI</subfield><subfield code="d">NPY</subfield><subfield code="d">NSD</subfield><subfield code="d">OCL</subfield><subfield code="d">NPA</subfield><subfield code="d">DLC</subfield><subfield code="d">MUL</subfield><subfield code="d">NJW</subfield><subfield code="d">ANU</subfield><subfield code="d">KNP</subfield><subfield code="d">MGN</subfield><subfield code="d">CNK</subfield><subfield code="d">FUG</subfield><subfield code="d">MHN</subfield><subfield code="d">NVF</subfield><subfield code="d">CVF</subfield><subfield code="d">DLC</subfield><subfield code="d">NVF</subfield><subfield code="d">NYS</subfield><subfield code="d">GUA</subfield><subfield code="d">UKMGB</subfield><subfield code="d">OCLCQ</subfield><subfield code="d">WIH</subfield><subfield code="d">OCLCF</subfield><subfield code="d">OCLCO</subfield><subfield code="d">DLC</subfield><subfield code="d">NLC</subfield></datafield><datafield ind1=" " ind2=" " tag="012"><subfield code="l">a</subfield></datafield><datafield ind1="7" ind2=" " tag="016"><subfield code="a">013893206</subfield><subfield code="2">Uk</subfield></datafield><datafield ind1=" " ind2=" " tag="016"><subfield code="a">(AMICUS)000008407999</subfield></datafield><datafield ind1="0" ind2=" " tag="022"><subfield code="a">2573-3818</subfield><subfield code="2">1</subfield></datafield><datafield ind1="1" ind2=" " tag="029"><subfield code="a">AU@</subfield><subfield code="b">000003931692</subfield></datafield><datafield ind1=" " ind2=" " tag="042"><subfield code="a">pcc</subfield><subfield code="a">nsdp</subfield></datafield><datafield ind1=" " ind2=" " tag="043"><subfield code="a">n-us-ma</subfield></datafield><datafield ind1="0" ind2="0" tag="050"><subfield code="a">Newspaper</subfield></datafield><datafield ind1="1" ind2="0" tag="082"><subfield code="a">070</subfield><subfield code="2">23</subfield></datafield><datafield ind1="0" ind2=" " tag="130"><subfield code="a">Christian Science monitor (Boston, Mass. : Atlantic ed.)</subfield></datafield><datafield ind1=" " ind2="4" tag="222"><subfield code="a">The Christian Science monitor</subfield><subfield code="b">(Boston. Atlantic ed.)</subfield></datafield><datafield ind1="1" ind2="4" tag="245"><subfield code="a">The Christian Science monitor.</subfield></datafield><datafield ind1=" " ind2=" " tag="250"><subfield code="a">Atlantic ed.</subfield></datafield><datafield ind1=" " ind2=" " tag="260"><subfield code="a">Boston, Mass. :</subfield><subfield code="b">Christian Science Pub. Society,</subfield><subfield code="c">1925-1960.</subfield></datafield><datafield ind1=" " ind2=" " tag="300"><subfield code="a">v.</subfield></datafield><datafield ind1=" " ind2=" " tag="310"><subfield code="a">Daily (except Sunday)</subfield></datafield><datafield ind1="0" ind2=" " tag="362"><subfield code="a">Vol. 17, no. 104 (Mar. 30, 1925)-v. 52, no. 279 (Oct. 22, 1960).</subfield></datafield><datafield ind1=" " ind2=" " tag="580"><subfield code="a">Other daily ed.: Christian Science monitor (Boston, Mass. : Pacific ed.), &lt;1954&gt;-1960.</subfield></datafield><datafield ind1=" " ind2="0" tag="651"><subfield code="a">Boston (Mass.)</subfield><subfield code="v">Newspapers.</subfield></datafield><datafield ind1=" " ind2="0" tag="651"><subfield code="a">Suffolk County (Mass.)</subfield><subfield code="v">Newspapers.</subfield></datafield><datafield ind1=" " ind2="7" tag="651"><subfield code="a">Massachusetts</subfield><subfield code="z">Boston.</subfield><subfield code="2">fast</subfield><subfield code="0">(OCoLC)fst01205012</subfield></datafield><datafield ind1=" " ind2="7" tag="651"><subfield code="a">Massachusetts</subfield><subfield code="z">Suffolk County.</subfield><subfield code="2">fast</subfield><subfield code="0">(OCoLC)fst01206189</subfield></datafield><datafield ind1=" " ind2="7" tag="655"><subfield code="a">Newspapers.</subfield><subfield code="2">fast</subfield><subfield code="0">(OCoLC)fst01423814</subfield></datafield><datafield ind1="2" ind2=" " tag="710"><subfield code="a">Christian Science Publishing Society.</subfield></datafield><datafield ind1=" " ind2=" " tag="752"><subfield code="a">United States</subfield><subfield code="b">Massachusetts</subfield><subfield code="c">Suffolk</subfield><subfield code="d">Boston.</subfield></datafield><datafield ind1="0" ind2=" " tag="775"><subfield code="t">Christian Science monitor (Boston, Mass. : Central ed.)</subfield><subfield code="w">(DLC)sn 83045139</subfield><subfield code="w">(OCoLC)9357677</subfield></datafield><datafield ind1="1" ind2=" " tag="775"><subfield code="t">Christian Science monitor (Boston, Mass. : Pacific ed.)</subfield><subfield code="w">(DLC)sn 88087053</subfield><subfield code="w">(OCoLC)18600734</subfield></datafield><datafield ind1="0" ind2="8" tag="776"><subfield code="i">Online version:</subfield><subfield code="t">Christian Science monitor (Boston, Mass. : Atlantic ed. : Online)</subfield><subfield code="x">2573-3826</subfield><subfield code="w">(DLC)  2004233901</subfield><subfield code="w">(OCoLC)56720534</subfield></datafield><datafield ind1="0" ind2="1" tag="780"><subfield code="t">Christian Science monitor (Boston, Mass. : 1908)</subfield><subfield code="x">0145-8027</subfield><subfield code="w">(DLC)sn 78004798</subfield><subfield code="w">(OCoLC)2779084</subfield></datafield><datafield ind1="0" ind2="6" tag="785"><subfield code="t">Christian Science monitor (Boston, Mass. : Eastern ed.)</subfield><subfield code="x">2573-3842</subfield><subfield code="w">(DLC)sn 84035651</subfield><subfield code="w">(OCoLC)2621177</subfield></datafield><datafield ind1="0" ind2="6" tag="785"><subfield code="t">Christian Science monitor (Boston, Mass. : New England ed.)</subfield><subfield code="w">(DLC)sn 85047511</subfield><subfield code="w">(OCoLC)11670901</subfield></datafield><datafield ind1="4" ind2="1" tag="856"><subfield code="u">http://proquest.umi.com/pqdweb?RQT=306&amp;COPT=SU5UPTAmREJTPTFBQ0Q@&amp;JSEnabled=1&amp;TS=1071676665&amp;DBId=9867#sform</subfield></datafield></record>